<record><leader>00000cas a22000007a 4500</leader><controlfield tag="001">12717345</controlfield><controlfield tag="008">851025d19132008txuwr ne      0   a0eng d</controlfield><controlfield tag="009">4199</controlfield><datafield ind1=" " ind2=" " tag="010"><subfield code="a">sn 86089272 </subfield></datafield><datafield ind1=" " ind2=" " tag="040"><subfield code="a">TAI</subfield><subfield code="b">eng</subfield><subfield code="c">TAI</subfield><subfield code="d">PPM</subfield><subfield code="d">DLC</subfield></datafield><datafield ind1=" " ind2=" " tag="042"><subfield code="a">msc</subfield></datafield><datafield ind1="0" ind2="0" tag="245"><subfield code="a">Floresville chronicle-journal.</subfield></datafield><datafield ind1="0" ind2="0" tag="246"><subfield code="a">Floresville chronicle journal</subfield></datafield><datafield ind1="0" ind2="3" tag="246"><subfield code="a">Floresville chronicle</subfield></datafield><datafield ind1=" " ind2=" " tag="260"><subfield code="a">Floresville, Wilson County, Tex. :</subfield><subfield code="b">Sam Fore, Jr.,</subfield></datafield><datafield ind1=" " ind2=" " tag="300"><subfield code="a">v. :</subfield><subfield code="b">ill. ;</subfield><subfield code="c">58 cm.</subfield></datafield><datafield ind1=" " ind2=" " tag="310"><subfield code="a">Weekly</subfield><subfield code="b">Jan. 1, 1914-</subfield></datafield><datafield ind1=" " ind2=" " tag="321"><subfield code="a">Semiweekly</subfield><subfield code="b">Feb. 1-Dec. 25, 1913</subfield></datafield><datafield ind1="0" ind2=" " tag="362"><subfield code="a">Vol. 36, no. 19 (Feb. 1, 1913)-</subfield></datafield><datafield ind1="1" ind2=" " tag="362"><subfield code="a">Ceased publication Apr. 11, 2008?</subfield></datafield><datafield ind1=" " ind2=" " tag="500"><subfield code="a">Later published by Mr. and Mrs. Joe H. Fietsam &lt;1985&gt;.</subfield></datafield><datafield ind1=" " ind2=" " tag="530"><subfield code="a">Available on microfilm from the Center for American History, University of Texas at Austin.</subfield></datafield><datafield ind1=" " ind2=" " tag="752"><subfield code="a">United States</subfield><subfield code="b">Texas</subfield><subfield code="c">Wilson</subfield><subfield code="d">Floresville.</subfield></datafield><datafield ind1="0" ind2="4" tag="780"><subfield code="t">Floresville chronicle</subfield><subfield code="w">(OCoLC)14218927</subfield></datafield><datafield ind1="0" ind2="4" tag="780"><subfield code="t">Wilson County journal</subfield><subfield code="w">(DLC)sn 86088924</subfield></datafield></record>